@article{atzori2017understanding,
	title={Understanding the Internet of Things: definition, potentials, and societal role of a fast evolving paradigm},
	author={Atzori, Luigi and Iera, Antonio and Morabito, Giacomo},
	journal={Ad Hoc Networks},
	volume={56},
	pages={122--140},
	year={2017},
	publisher={Elsevier}
}

@inproceedings{raikar2016active,
	title={Active learning explored in Open elective course: Internet of Things (IoT)},
	author={Raikar, Meenaxi M and Desai, Padmashree and Naragund, Jayalakshmi G},
	booktitle={2016 IEEE eighth international conference on technology for education (T4E)},
	pages={15--18},
	year={2016},
	organization={IEEE}
}

@article{alcaraz2014internet,
	title={Internet de las cosas},
	author={Alcaraz, Marcelo},
	journal={Universidad Cat{\'o}lica Nuestra Se{\~n}ora de la Asunci{\'o}n},
	pages={2--3},
	year={2014}
}

@article{agarwal2018investigating,
  title={Investigating IoT Middleware Platforms for Smart Application Development},
  author={Agarwal, Preeti and Alam, Mansaf},
  journal={arXiv preprint arXiv:1810.12292},
  year={2018}
}

@article{mukherjee2020edgedrone,
  title={EdgeDrone: QoS aware MQTT middleware for mobile edge computing in opportunistic Internet of Drone Things},
  author={Mukherjee, Amartya and Dey, Nilanjan and De, Debashis},
  journal={Computer Communications},
  volume={152},
  pages={93--108},
  year={2020},
  publisher={Elsevier}
}

@article{akasiadis2019multi,
  title={A multi-protocol IoT platform based on open-source frameworks},
  author={Akasiadis, Charilaos and Pitsilis, Vassilis and Spyropoulos, Constantine D},
  journal={Sensors},
  volume={19},
  number={19},
  pages={4217},
  year={2019},
  publisher={Multidisciplinary Digital Publishing Institute}
}

@inproceedings{pathirana2017wireme,
  title={WireMe-IoT development platform for everyone},
  author={Pathirana, D and Sonnadara, S and Hettiarachchi, M and Siriwardana, H and Silva, C},
  booktitle={2017 Moratuwa Engineering Research Conference (MERCon)},
  pages={93--98},
  year={2017},
  organization={IEEE}
}

@article{de2012internet,
	title={An internet of things platform for real-world and digital objects},
	author={De, Suparna and Elsaleh, Tarek and Barnaghi, Payam and Meissner, Stefan},
	journal={Scalable Computing: Practice and Experience},
	volume={13},
	number={1},
	pages={45--58},
	year={2012}
}

@article{lin2017survey,
	title={A survey on internet of things: Architecture, enabling technologies, security and privacy, and applications},
	author={Lin, Jie and Yu, Wei and Zhang, Nan and Yang, Xinyu and Zhang, Hanlin and Zhao, Wei},
	journal={IEEE Internet of Things Journal},
	volume={4},
	number={5},
	pages={1125--1142},
	year={2017},
	publisher={IEEE}
}

@inproceedings{kim2014openiot,
	title={OpenIoT: An open service framework for the Internet of Things},
	author={Kim, Jaeho and Lee, Jang-Won},
	booktitle={2014 IEEE world forum on internet of things (WF-IoT)},
	pages={89--93},
	year={2014},
	organization={IEEE}
}

@misc{tiobe,
	title = {{TIOBE Index}},
	howpublished = {\url{https://www.tiobe.com/tiobe-index/}},
	note = {Visitado: 28-04-2020}
}

@misc{awsIotCore,
	title = {{AWS IoT Core Documentation}},
	howpublished = {\url{https://docs.aws.amazon.com/iot/index.html}},
	note = {Visitado: 14-05-2020}
}

@misc{qtFramework,
	title = {{Qt is everywhere}},
	howpublished = {\url{https://resources.qt.io/customer-stories-all/qt-is-everywhere}},
	note = {Visitado: 12-06-2020}
}

@inproceedings{rout2017development,
	title={Development of an internet of things (IoT) based introductory laboratory for undergraduate engineering students},
	author={Rout, Kshirod Kumar and Mishra, Sivkumar and Routray, Aurobinda},
	booktitle={2017 international conference on information technology (ICIT)},
	pages={113--118},
	year={2017},
	organization={IEEE}
}

@inproceedings{kane2013disruptive,
	title={Disruptive engineering training and education based on the Internet of Things},
	author={Kane, Patrick and Duda, Mark and Farrell, Stephanie and Jeffords, Jason and Kimsey, Thomas and Rucinski, Andrzej and Simon, Matthew and Zhong, Jiawei},
	booktitle={Proceedings of 2013 IEEE International Conference on Teaching, Assessment and Learning for Engineering (TALE)},
	pages={632--636},
	year={2013},
	organization={IEEE}
}

@inproceedings{fernandez2015rgb,
	title={From RGB led laboratory to servomotor control with websockets and IoT as educational tool},
	author={Fernandez, German Carro and Ruiz, Elio Sancristobal and Gil, Manuel Castro and Perez, Francisco Mur},
	booktitle={Proceedings of 2015 12th International Conference on Remote Engineering and Virtual Instrumentation (REV)},
	pages={32--36},
	year={2015},
	organization={IEEE}
}

@inproceedings{poongothai2018design,
	title={Design and implementation of IoT based smart laboratory},
	author={Poongothai, M and Subramanian, P Muthu and Rajeswari, A},
	booktitle={2018 5th International Conference on Industrial Engineering and Applications (ICIEA)},
	pages={169--173},
	year={2018},
	organization={IEEE}
}


%%%%%%%%% for the time being this is not used %%%%%%%%%
@inproceedings{haas2017bringing,
	title={Bringing the web up to speed with WebAssembly},
	author={Haas, Andreas and Rossberg, Andreas and Schuff, Derek L and Titzer, Ben L and Holman, Michael and Gohman, Dan and Wagner, Luke and Zakai, Alon and Bastien, JF},
	booktitle={Proceedings of the 38th ACM SIGPLAN Conference on Programming Language Design and Implementation},
	pages={185--200},
	year={2017}
}

%%%%%%%%%%%%%%%%% use this %%%%%%%%%%%%%%%%%%%%%%%
%%%%%%%%%%% it is very important to explain platform arch
%@incollection{guth2018detailed,
%	title={A detailed analysis of IoT platform architectures: concepts, similarities, and differences},
%	author={Guth, Jasmin and Breitenb{\"u}cher, Uwe and Falkenthal, Michael and Fremantle, Paul and Kopp, Oliver and Leymann, Frank and Reinfurt, Lukas},
%	booktitle={Internet of Everything},
%	pages={81--101},
%	year={2018},
%	publisher={Springer}
%}

%%%%%%%%%%%%%%%%%%%%%%%%%%%%%%%%%%%%%%%%%%%%%%%%%%%%
%%%%%%%%%%%%% not cited yet %%%%%%%%%%%%%%%%%%%%%%%%
%%%%%%%%%%%%%%%%%%%%%%%%%%%%%%%%%%%%%%%%%%%%%%%%%%%%
%%%% api design pattern
@inproceedings{gamma1993design,
  title={Design patterns: Abstraction and reuse of object-oriented design},
  author={Gamma, Erich and Helm, Richard and Johnson, Ralph and Vlissides, John},
  booktitle={European Conference on Object-Oriented Programming},
  pages={406--431},
  year={1993},
  organization={Springer}
}